@incollection{1.,
  title={Recommender systems in technology enhanced learning},
  author={Manouselis, Nikos and Drachsler, Hendrik and Vuorikari, Riina and Hummel, Hans and Koper, Rob},
  booktitle={Recommender systems handbook},
  pages={387--415},
  year={2011},
  publisher={Springer}
}

@article{2.,
  title={Personal recommender systems for learners in lifelong learning networks: the requirements, techniques and model},
  author={Drachsler, Hendrik and Hummel, Hans GK and Koper, Rob},
  journal={International Journal of Learning Technology},
  volume={3},
  number={4},
  pages={404--423},
  year={2008},
  publisher={Inderscience Publishers}
}

@article{3.,
  title={Exercises recommending for limited time learning},
  author={Michl{\'\i}k, Pavel and Bielikov{\'a}, M{\'a}ria},
  journal={Procedia Computer Science},
  volume={1},
  number={2},
  pages={2821--2828},
  year={2010},
  publisher={Elsevier}
}

@article{4.,
  title={Computer-adaptive testing: A methodology whose time has come},
  author={Linacre, John Michael and others},
  journal={Chae, S.-Kang, U.--Jeon, E.--Linacre, JM (eds.): Development of Computerised Middle School Achievement Tests, MESA Research Memorandum},
  number={69},
  year={2000}
}

@book{5.,
  title={Item response theory},
  author={Embretson, Susan E and Reise, Steven P},
  year={2000},
  publisher={Psychology Press}
}

@incollection{6.,
  title={ALEF: from application to platform for adaptive collaborative learning},
  author={Bielikov{\'a}, M{\'a}ria and {\v{S}}imko, Mari{\'a}n and Barla, Michal and Tvaro{\v{z}}ek, Jozef and Labaj, Martin and M{\'o}ro, R{\'o}bert and Srba, Ivan and {\v{S}}evcech, Jakub},
  booktitle={Recommender Systems for Technology Enhanced Learning},
  pages={195--225},
  year={2014},
  publisher={Springer}
}

@article{7.,
  title={Exercises recommending for limited time learning},
  author={Michl{\'\i}k, Pavel and Bielikov{\'a}, M{\'a}ria},
  journal={Procedia Computer Science},
  volume={1},
  number={2},
  pages={2821--2828},
  year={2010},
  publisher={Elsevier}
}

@inproceedings{8.,
  title={Automated educational course metadata generation based on semantics discovery},
  author={{\v{S}}imko, Mari{\'a}n and Bielikov{\'a}, M{\'a}ria},
  booktitle={European Conference on Technology Enhanced Learning},
  pages={99--105},
  year={2009},
  organization={Springer}
}

@inproceedings{9.,
  title={Towards more conversational and collaborative recommender systems},
  author={Carenini, Giuseppe and Smith, Jocelyin and Poole, David},
  booktitle={Proceedings of the 8th international conference on Intelligent user interfaces},
  pages={12--18},
  year={2003},
  organization={ACM}
}

@inproceedings{10.,
  title={Conversational Evaluation of Personalized Solutions for Adaptive Educational Systems.},
  author={Labaj, Martin and Bielikov{\'a}, M{\'a}ria},
  booktitle={UMAP Workshops},
  year={2013}
}